% Add literature here

@book{ref01,
author={Steven Givant and Paul Halmos}, 
title={Introduction to Boolean Algebras (Undergraduate Texts in Mathematics)}, 
date={2008}, 
%editor={Swarup Bhunia, Sandip Ray, Susmita Sur-Kolay}, %editora, editorb, editorc, translator, annotator, commentator, introduction, foreword, afterword, 
%subtitle={Design, V??>erification, and Debug}, %titleaddon, maintitle, mainsubtitle, maintitleaddon, language, origlanguage, volume, part, 
%edition={1}, %volumes, series, number, note, 
publisher={Springer},
location={Cham}, 
isbn={9783772361630}, %chapter, pages, pagetotal, addendum, pubstate,
%doi={10.1007/978-3-319-50057-7} %eprint, eprintclass, eprinttype, url, urldate
}

@report{ref02,
  author={Andreas J. Siggelkow},
  title={Digital Electronics: Lab Notes}, 
  type={Script},
  institution={RWU, Electrical Engineering},
  year={2024},
  volume={SS},
  number={},
  pages={1-37},
  %doi={}
}

@report{ref03,
  author={Andreas J. Siggelkow},
  title={Digital Electronics: Script}, 
  type={Script},
  institution={RWU, Electrical Engineering},
  year={2024},
  volume={SS},
  number={},
  pages={1-300},
 % doi={}
}
